@article{SDP,
   title = {Semidefinite Programming, \url{http://www-user.tu-chemnitz.de/~helmberg/semidef.html}},
   type = {Journal Article}
}

@article{Akyildiz2002,
   author = {Akyildiz, Ian F and Su, Weilian and Sankarasubramaniam, Yogesh and Cayirci, Erdal},
   title = {Wireless sensor networks: a survey},
   journal = {Computer networks},
   volume = {38},
   number = {4},
   pages = {393-422},
   ISSN = {1389-1286},
   year = {2002},
   type = {Journal Article}
}

@article{Alfakih2010,
   author = {Alfakih, Abdo Y and Taheri, Nicole and Ye, Yinyu},
   title = {Toward the Universal Rigidity of General Frameworks},
   journal = {arXiv preprint arXiv:1009.1185},
   year = {2010},
   type = {Journal Article}
}

@article{Armijo1966,
   author = {Armijo, Larry},
   title = {Minimization of functions having Lipschitz continuous first partial derivatives},
   journal = {Pacific Journal of mathematics},
   volume = {16},
   number = {1},
   pages = {1-3},
   year = {1966},
   type = {Journal Article}
}

@article{BB1988,
   author = {Barzilai, Jonathan and Borwein, Jonathan M},
   title = {Two-point step size gradient methods},
   journal = {IMA Journal of Numerical Analysis},
   volume = {8},
   number = {1},
   pages = {141-148},
   ISSN = {0272-4979},
   year = {1988},
   type = {Journal Article}
}

@article{Berman2000,
   author = {Berman, Helen M and Westbrook, John and Feng, Zukang and Gilliland, Gary and Bhat, TN and Weissig, Helge and Shindyalov, Ilya N and Bourne, Philip E},
   title = {The protein data bank},
   journal = {Nucleic acids research},
   volume = {28},
   number = {1},
   pages = {235-242},
   ISSN = {0305-1048},
   year = {2000},
   type = {Journal Article}
}

@article{Biswas2006-1,
   author = {Biswas, Pratik and Liang, Tzu-Chen and Toh, Kim-Chuan and Ye, Yinyu and Wang, Ta-Chung},
   title = {Semidefinite programming approaches for sensor network localization with noisy distance measurements},
   journal = {Automation Science and Engineering, IEEE Transactions on},
   volume = {3},
   number = {4},
   pages = {360-371},
   ISSN = {1545-5955},
   year = {2006},
   type = {Journal Article}
}

@article{Biswas2008,
   author = {Biswas, P. and Toh, K. C. and Ye, Y.},
   title = {A distributed SDP approach for large-scale noisy anchor-free graph realization with applications to molecular conformation},
   journal = {Siam Journal on Scientific Computing},
   volume = {30},
   number = {3},
   pages = {1251-1277},
   ISSN = {1064-8275},
   DOI = {Doi 10.1137/05062754x},
   url = {<Go to ISI>://WOS:000255500500007},
   year = {2008},
   type = {Journal Article}
}

@inbook{Biswas2006-2,
   author = {Biswas, Pratik and Ye, Yinyu},
   title = {A distributed method for solving semidefinite programs arising from ad hoc wireless sensor network localization},
   booktitle = {Multiscale optimization methods and applications},
   publisher = {Springer},
   pages = {69-84},
   ISBN = {0387295496},
   year = {2006},
   type = {Book Section}
}

@misc{Blumenthal1953,
   author = {Blumenthal, LM},
   title = {Theory and applications of distance geometry},
   publisher = {Clarendon Press, Oxford},
   year = {1953},
   type = {Generic}
}

@book{Boyd1994,
   author = {Boyd, Stephen P and El Ghaoui, Laurent and Feron, Eric and Balakrishnan, Venkataramanan},
   title = {Linear matrix inequalities in system and control theory},
   publisher = {SIAM},
   volume = {15},
   year = {1994},
   type = {Book}
}

@article{Braun1987,
   author = {Braun, Werner},
   title = {Distance geometry and related methods for protein structure determination from NMR data},
   journal = {Quarterly reviews of biophysics},
   volume = {19},
   number = {3-4},
   pages = {115-157},
   ISSN = {1469-8994},
   year = {1987},
   type = {Journal Article}
}

@article{Chong2003,
   author = {Chong, Chee-Yee and Kumar, Srikanta P},
   title = {Sensor networks: evolution, opportunities, and challenges},
   journal = {Proceedings of the IEEE},
   volume = {91},
   number = {8},
   pages = {1247-1256},
   ISSN = {0018-9219},
   year = {2003},
   type = {Journal Article}
}

@book{Crippen1988,
   author = {Crippen, Gordon M and Havel, Timothy F},
   title = {Distance geometry and molecular conformation},
   publisher = {Research Studies Press Taunton, UK},
   volume = {74},
   year = {1988},
   type = {Book}
}

@article{Dong2002,
   author = {Dong, Q. F. and Wu, Z. J.},
   title = {A linear-time algorithm for solving the molecular distance geometry problem with exact inter-atomic distances},
   journal = {Journal of Global Optimization},
   volume = {22},
   number = {1-4},
   pages = {365-375},
   ISSN = {0925-5001},
   DOI = {Doi 10.1023/A:1013857218127},
   url = {<Go to ISI>://WOS:000173468400020},
   year = {2002},
   type = {Journal Article}
}

@article{Dong2003,
   author = {Dong, Q. F. and Wu, Z. J.},
   title = {A geometric build-up algorithm for solving the molecular distance geometry problem with sparse distance data},
   journal = {Journal of Global Optimization},
   volume = {26},
   number = {3},
   pages = {321-333},
   ISSN = {0925-5001},
   DOI = {Doi 10.1023/A:1023221624213},
   url = {<Go to ISI>://WOS:000182132900005},
   year = {2003},
   type = {Journal Article}
}

@article{Carvalho2008,
   author = {dos Santos Carvalho, Ricardo and Lavor, Carlile and Protti, Fábio},
   title = {Extending the geometric build-up algorithm for the molecular distance geometry problem},
   journal = {Information Processing Letters},
   volume = {108},
   number = {4},
   pages = {234-237},
   ISSN = {00200190},
   DOI = {10.1016/j.ipl.2008.05.009},
   year = {2008},
   type = {Journal Article}
}

@article{Eckart1936,
   author = {Eckart, Carl and Young, Gale},
   title = {The approximation of one matrix by another of lower rank},
   journal = {Psychometrika},
   volume = {1},
   number = {3},
   pages = {211-218},
   ISSN = {0033-3123},
   year = {1936},
   type = {Journal Article}
}

@inbook{Fang2013,
   author = {Fang, Xingyuan and Toh, Kim-Chuan},
   title = {Using a distributed SDP approach to solve simulated protein molecular conformation problems},
   booktitle = {Distance Geometry},
   publisher = {Springer},
   pages = {351-376},
   ISBN = {1461451272},
   year = {2013},
   type = {Book Section}
}

@inproceedings{Gansner2005,
   author = {Gansner, Emden R and Koren, Yehuda and North, Stephen},
   title = {Graph drawing by stress majorization},
   booktitle = {Graph Drawing},
   publisher = {Springer},
   pages = {239-250},
   ISBN = {3540245286},
   type = {Conference Proceedings}
}

@article{Kloczkowski2009,
   author = {Kloczkowski, A. and Jernigan, R. L. and Wu, Z. and Song, G. and Yang, L. and Kolinski, A. and Pokarowski, P.},
   title = {Distance matrix-based approach to protein structure prediction},
   journal = {J Struct Funct Genomics},
   volume = {10},
   number = {1},
   pages = {67-81},
   ISSN = {1570-0267 (Electronic)
1345-711X (Linking)},
   DOI = {10.1007/s10969-009-9062-2},
   url = {http://www.ncbi.nlm.nih.gov/pubmed/19224393},
   year = {2009},
   type = {Journal Article}
}

@article{Krislock2010,
   author = {Krislock, Nathan and Wolkowicz, Henry},
   title = {Explicit Sensor Network Localization using Semidefinite Representations and Facial Reductions},
   journal = {SIAM Journal on Optimization},
   volume = {20},
   number = {5},
   pages = {2679-2708},
   ISSN = {1052-6234
1095-7189},
   DOI = {10.1137/090759392},
   year = {2010},
   type = {Journal Article}
}

@article{Maculan2014,
   author = {Liberti, Leo and Lavor, Carlile and Maculan, Nelson and Mucherino, Antonio},
   title = {Euclidean distance geometry and applications},
   journal = {SIAM Review},
   volume = {56},
   number = {1},
   pages = {3-69},
   ISSN = {0036-1445},
   year = {2014},
   type = {Journal Article}
}

@article{Mao2007,
   author = {Mao, Guoqiang and Fidan, Barış and Anderson, Brian},
   title = {Wireless sensor network localization techniques},
   journal = {Computer networks},
   volume = {51},
   number = {10},
   pages = {2529-2553},
   ISSN = {1389-1286},
   year = {2007},
   type = {Journal Article}
}

@article{More1997,
   author = {More, J. J. and Wu, Z. J.},
   title = {Global continuation for distance geometry problems},
   journal = {Siam Journal on Optimization},
   volume = {7},
   number = {3},
   pages = {814-836},
   ISSN = {1052-6234},
   url = {<Go to ISI>://WOS:000071020000012},
   year = {1997},
   type = {Journal Article}
}

@article{More1999,
   author = {More, J. J. and Wu, Z. J.},
   title = {Distance geometry optimization for protein structures},
   journal = {Journal of Global Optimization},
   volume = {15},
   number = {3},
   pages = {219-234},
   ISSN = {0925-5001},
   DOI = {Doi 10.1023/A:1008380219900},
   url = {<Go to ISI>://WOS:000084482400001},
   year = {1999},
   type = {Journal Article}
}

@article{Pong2010,
   author = {Pong, Ting Kei and Tseng, Paul},
   title = {(Robust) Edge-based semidefinite programming relaxation of sensor network localization},
   journal = {Mathematical Programming},
   volume = {130},
   number = {2},
   pages = {321-358},
   ISSN = {0025-5610
1436-4646},
   DOI = {10.1007/s10107-009-0338-x},
   year = {2010},
   type = {Journal Article}
}

@article{Qi2012,
   author = {Qi, Hou-Duo and Yuan, Xiaoming},
   title = {Computing the nearest Euclidean distance matrix with low embedding dimensions},
   journal = {Mathematical Programming},
   pages = {1-39},
   ISSN = {0025-5610},
   year = {2012},
   type = {Journal Article}
}

@book{SaXe1979,
   author = {Saxe, James B},
   title = {Embeddability of weighted graphs in k-space is strongly NP-hard},
   publisher = {Carnegie-Mellon University, Department of Computer Science},
   year = {1979},
   type = {Book}
}

@article{Schoenberg1935,
   author = {Schoenberg, Isaac J},
   title = {Remarks to Maurice Frechet's Article``Sur La Definition Axiomatique D'Une Classe D'Espace Distances Vectoriellement Applicable Sur L'Espace De Hilbert},
   journal = {Annals of Mathematics},
   pages = {724-732},
   ISSN = {0003-486X},
   year = {1935},
   type = {Journal Article}
}

@article{Shamsi2010,
   author = {Shamsi, Davood and Taheri, Nicole and Zhu, Zhisu and Ye, Yinyu},
   title = {On sensor network localization using SDP relaxation},
   journal = {arXiv preprint arXiv:1010.2262},
   year = {2010},
   type = {Journal Article}
}

@article{Sit2011,
   author = {Sit, A. and Wu, Z.},
   title = {Solving a generalized distance geometry problem for protein structure determination},
   journal = {Bull Math Biol},
   volume = {73},
   number = {12},
   pages = {2809-36},
   ISSN = {1522-9602 (Electronic)
0092-8240 (Linking)},
   DOI = {10.1007/s11538-011-9644-6},
   url = {http://www.ncbi.nlm.nih.gov/pubmed/21424232},
   year = {2011},
   type = {Journal Article}
}

@article{Sit2009,
   author = {Sit, A. and Wu, Z. and Yuan, Y.},
   title = {A geometric buildup algorithm for the solution of the distance geometry problem using least-squares approximation},
   journal = {Bull Math Biol},
   volume = {71},
   number = {8},
   pages = {1914-33},
   ISSN = {1522-9602 (Electronic)
0092-8240 (Linking)},
   DOI = {10.1007/s11538-009-9431-9},
   url = {http://www.ncbi.nlm.nih.gov/pubmed/19533250},
   year = {2009},
   type = {Journal Article}
}

@article{So2006,
   author = {So, Anthony Man-Cho and Ye, Yinyu},
   title = {Theory of semidefinite programming for Sensor Network Localization},
   journal = {Mathematical Programming},
   volume = {109},
   number = {2-3},
   pages = {367-384},
   ISSN = {0025-5610
1436-4646},
   DOI = {10.1007/s10107-006-0040-1},
   year = {2006},
   type = {Journal Article}
}

@book{Sun2006,
   author = {Sun, Wenyu and Yuan, Ya-Xiang},
   title = {Optimization theory and methods: nonlinear programming},
   publisher = {springer},
   volume = {1},
   ISBN = {0387249761},
   year = {2006},
   type = {Book}
}

@article{Isomap2000,
   author = {Tenenbaum, Joshua B and De Silva, Vin and Langford, John C},
   title = {A global geometric framework for nonlinear dimensionality reduction},
   journal = {Science},
   volume = {290},
   number = {5500},
   pages = {2319-2323},
   ISSN = {0036-8075},
   year = {2000},
   type = {Journal Article}
}

@article{Torgerson1958,
   author = {Torgerson, Warren S},
   title = {Theory and methods of scaling},
   year = {1958},
   type = {Journal Article}
}

@inbook{Voller2013,
   author = {Voller, Zachary and Wu, Zhijun},
   title = {Distance geometry methods for protein structure determination},
   booktitle = {Distance Geometry},
   publisher = {Springer},
   pages = {139-159},
   ISBN = {1461451272},
   year = {2013},
   type = {Book Section}
}

@article{Wang2008,
   author = {Wang, Zizhuo and Zheng, Song and Ye, Yinyu and Boyd, Stephen},
   title = {Further relaxations of the semidefinite programming approach to sensor network localization},
   journal = {SIAM Journal on Optimization},
   volume = {19},
   number = {2},
   pages = {655-673},
   ISSN = {1052-6234},
   year = {2008},
   type = {Journal Article}
}

@book{Nocedal1999,
   author = {Wright, SJ and Nocedal, J},
   title = {Numerical optimization},
   publisher = {Springer New York},
   volume = {2},
   year = {1999},
   type = {Book}
}

@article{Wu2006,
   author = {Wu, Di and Wu, Zhijun},
   title = {An updated geometric build-up algorithm for solving the molecular distance geometry problems with sparse distance data},
   journal = {Journal of Global Optimization},
   volume = {37},
   number = {4},
   pages = {661-673},
   ISSN = {0925-5001
1573-2916},
   DOI = {10.1007/s10898-006-9080-6},
   year = {2006},
   type = {Journal Article}
}

@article{Wu2008,
   author = {Wu, D. and Wu, Z. J. and Yuan, Y. X.},
   title = {The Solution of the Distance Geometry Problem in Protein Modeling Via Geometric Buildup},
   journal = {Biomat 2007},
   pages = {50-88},
   DOI = {Doi 10.1142/9789812812339_0003},
   url = {<Go to ISI>://WOS:000263589300003},
   year = {2008},
   type = {Journal Article}
}

@article{Yick2008,
   author = {Yick, Jennifer and Mukherjee, Biswanath and Ghosal, Dipak},
   title = {Wireless sensor network survey},
   journal = {Computer networks},
   volume = {52},
   number = {12},
   pages = {2292-2330},
   ISSN = {1389-1286},
   year = {2008},
   type = {Journal Article}
}

@article{Yuan2007,
   author = {Yuan, Ya-xiang},
   title = {Subspace techniques for nonlinear optimization},
   journal = {Some topics in industrial and applied mathematics},
   volume = {8},
   pages = {206-218},
   year = {2007},
   type = {Journal Article}
}

